@misc{krakatau,
    title = {Storyyeller/Krakatau: Java decompiler, assembler, and disassembler},
    year = {2018},
    howpublished = "\url{https://github.com/Storyyeller/Krakatau}",
    key = "krakatau"
}

@misc{so:pattern/matching/subset,
    title = {Restrict Pattern Matching to Subset of Constructors},
    year = {2019},
    howpublished = "\url{https://stackoverflow.com/questions/55556060/restrict-pattern-matching-to-subset-of-constructors}"
}
